<record><leader>00000cas a22000007a 4500</leader><controlfield tag="001">27674129</controlfield><controlfield tag="008">930305d18711874ctusr ne      0    0eng d</controlfield><datafield ind1=" " ind2=" " tag="010"><subfield code="a">sn 93059187 </subfield></datafield><datafield ind1=" " ind2=" " tag="040"><subfield code="a">MGN</subfield><subfield code="b">eng</subfield><subfield code="c">MGN</subfield><subfield code="d">CNW</subfield><subfield code="d">OCL</subfield><subfield code="d">OCLCQ</subfield><subfield code="d">OCLCF</subfield><subfield code="d">OCLCO</subfield></datafield><datafield ind1="1" ind2=" " tag="029"><subfield code="a">AU@</subfield><subfield code="b">000020741541</subfield></datafield><datafield ind1=" " ind2=" " tag="042"><subfield code="a">msc</subfield></datafield><datafield ind1=" " ind2=" " tag="043"><subfield code="a">n-us-ct</subfield></datafield><datafield ind1="0" ind2=" " tag="130"><subfield code="a">Middletown advertiser (Middletown, Conn.)</subfield></datafield><datafield ind1="1" ind2="0" tag="245"><subfield code="a">Middletown advertiser.</subfield></datafield><datafield ind1=" " ind2=" " tag="260"><subfield code="a">Middletown, Conn. :</subfield><subfield code="b">Geo. S. Hubbard</subfield></datafield><datafield ind1=" " ind2=" " tag="300"><subfield code="a">v.</subfield></datafield><datafield ind1=" " ind2=" " tag="310"><subfield code="a">Semimonthly</subfield></datafield><datafield ind1="0" ind2=" " tag="362"><subfield code="a">Vol. 1, no. 1 (Sept. 1, 1871)-</subfield></datafield><datafield ind1="1" ind2=" " tag="362"><subfield code="a">Ceased in 1874.</subfield></datafield><datafield ind1=" " ind2=" " tag="500"><subfield code="a">"Circulated daily on all incoming railway trains."</subfield></datafield><datafield ind1=" " ind2=" " tag="515"><subfield code="a">Suspended with issue for Dec. 15, 1871. Resumed with issue for Apr. 5, 1872.</subfield></datafield><datafield ind1=" " ind2=" " tag="580"><subfield code="a">Published in the same office: "Air line" courier, &lt;Dec. 1873&gt;.</subfield></datafield><datafield ind1=" " ind2="0" tag="651"><subfield code="a">Middletown (Conn.)</subfield><subfield code="v">Newspapers.</subfield></datafield><datafield ind1=" " ind2="7" tag="655"><subfield code="a">Newspapers.</subfield><subfield code="2">fast</subfield><subfield code="0">(OCoLC)fst01423814</subfield></datafield><datafield ind1=" " ind2="7" tag="651"><subfield code="a">Connecticut</subfield><subfield code="z">Middletown.</subfield><subfield code="2">fast</subfield><subfield code="0">(OCoLC)fst01208112</subfield></datafield><datafield ind1=" " ind2=" " tag="752"><subfield code="a">United States</subfield><subfield code="b">Connecticut</subfield><subfield code="c">Middlesex</subfield><subfield code="d">Middletown.</subfield></datafield><datafield ind1="0" ind2="7" tag="785"><subfield code="t">Connecticut advertiser (Hartford, Conn.)</subfield><subfield code="w">(DLC)sn 84027740</subfield><subfield code="w">(OCoLC)11504399</subfield></datafield><datafield ind1="0" ind2="7" tag="785"><subfield code="t">Advertiser (Hartford, Conn.)</subfield><subfield code="w">(DLC)sn 92051304</subfield><subfield code="w">(OCoLC)26084023</subfield></datafield><datafield ind1="1" ind2=" " tag="787"><subfield code="a">"Air line" courier</subfield></datafield></record>